@phdthesis{brini2019system,
    title           = {A system-level methodology for the design and deployment of reliable low-power wireless sensor networks},
    author          = {Brini, Oussama},
    year            = {2019},
    school          = {{\'E}cole de technologie sup{\'e}rieure}
}

@book{AntennaTheoryAndDesign,
    title           = {Antenna theory and design},
    author          = {Stutzman, Warren L and Thiele, Gary A},
    edition         = {Third edition},
    year            = {2012},
    publisher       = {John Wiley \& Sons},
    isbn            = {978-0-470-57664-9}
}

@book{bensky2019shortRangeWirelessCommunication,
    title           = {Short-range wireless communication},
    author          = {Bensky, Alan},
    edition         = {Third edition},
    year            = {2019},
    publisher       = {Newnes},
    isbn            = {978-0-12-815405-2}
}

@incollection{MobileAntenaSystemsHandbookCH2,
    author          = {Yoshio Karasawa and Kyohei Fujimoto},
    editor          = {Kyohei Fujimoto},
    booktitle       = {Mobile antena systems handbook},
    publisher       = {Artech house},
    title           = {Essential Techniques in Mobile Antenna Systems Design},
    chapter         = {2},
    year            = {2008},
    edition         = {Third edition},
    pages           = {25--53},
    isbn            = {978-1-59693-126-8}
}

@inproceedings{sommer2012applicability,
  title={On the applicability of two-ray path loss models for vehicular network simulation},
  author={Sommer, Christoph and Joerer, Stefan and Dressler, Falko},
  booktitle={2012 IEEE Vehicular Networking Conference (VNC)},
  pages={64--69},
  year={2012},
  organization={IEEE}
}

@inproceedings{bacco2014uavs,
  title={UAVs in WSNs for agricultural applications: An analysis of the two-ray radio propagation model},
  author={Bacco, Manlio and Ferro, Erina and Gotta, Alberto},
  booktitle={SENSORS, 2014 IEEE},
  pages={130--133},
  year={2014},
  organization={IEEE}
}