@article{XMegaAU,
  title           = {8-bit Atmel XMEGA AU Microcontroller},
  year            = {2013}
}

@article{XMegaDatasheet,
  title           = {8/16-bit Atmel XMEGA A3U Microcontroller | Datasheet},
  year            = {2014}
}


%%%%! Start Sensor Modules: !%%%%

@manual{isfet,
    organization = {Microsens SA},
    title = {MSFET-3330-2 pH sensor},
    url = {http://microsens.ch/products/pdf/MSFET_3330_Datasheet.pdf},
    year = {2021},
    month = 1
} 

@manual{msref,
    organization  = {{Microsens SA}},
    title         = {MSREF 1},
    url           = {http://microsens.ch/products/pdf/MSREF1_Reference_electrode_flyer.pdf},
    year          = {2021},
    month         = 1
}

@manual{nrf52810,
    organization = {{Nordic Semiconductor ASA}},
    title        = {nRF52810},
    url          = {https://infocenter.nordicsemi.com/pdf/nRF52810_PS_v1.5.pdf},
    year         = {2023},
    month        = {12},
}

@manual{LTC2064,
    organization = {{Analog Devices, Inc.}},
    title        = {LTC2063/LTC2064/LTC2065},
    url          = {https://www.analog.com/media/en/technical-documentation/data-sheets/ltc2063-2064-2065.pdf},
    year         = {2020},
    month        = {5},
}



%https://www.industrie-techno.com/mediatheque/4/1/9/000004914.pdf
@inproceedings{energyHarvesting,
  title={Review and future trend of energy harvesting methods for portable medical devices},
  author={Paulo, J and Gaspar, Pedro Dinis},
  booktitle={Proceedings of the world congress on engineering},
  volume={2},
  pages={168--196},
  year={2010},
  organization={WCE,}
}

@unpublished{MJHcalcADC,
  author = {Marcel J van der Horst},
  note   = {"\_2223-Low-Power\_Analoog\_en\_digitaalles 5"},
  title  = {"Intelligent Devices and Sensors"},
  year   = {2022}
}

@article{modeling,
  title={Modeling ISFET microsensor and ISFET-based microsystems: a review},
  author={Martinoia, Sergio and Massobrio, Giuseppe and Lorenzelli, Leandro},
  journal={Sensors and Actuators B: chemical},
  volume={105},
  number={1},
  pages={14--27},
  year={2005},
  publisher={Elsevier}
}

@article{van1987isfet,
  title={ISFET based enzyme sensors},
  author={van der Schoot, Bart H and Bergveld, Piet},
  journal={Biosensors},
  volume={3},
  number={3},
  pages={161--186},
  year={1987},
  publisher={Elsevier}
}

@unpublished{Microsens-MSFET,   
    title = {Specification note: MSFET 3330-2 - ISFET pH probe},   
    author = {{Microsens SA}},   
    year = {2023}, 
    month = 12
}


@unpublished{Microsens-MSREF,   
    title = {Specification note: MSREFl - miniature solid state reference electrode},   
    author = {{Microsens SA}},   
    year = {2023}, 
    month = 12
}

@inproceedings{serdijn2000classification,
  title={A classification of electronic signal-processing functions},
  author={Serdijn, Wouter A},
  booktitle={Semiconductor Advances for Future Electronics-Program for Research on Integrated Systems and Circuits-Semiconductor Sensor and Actuator Technology, Veldhoven},
  pages={507--513},
  year={2000},
  organization={STW Technology Foundation}
}
@manual{RegelingVrijstellingTelecommunicatie2016,
  organization = {Nederland},
  title = {Regeling vrijstelling telecommunicatiemachtiging BES 2016},
  url = {https://wetten.overheid.nl/BWBR0037628/2016-02-17#Bijlage7},
  year = {2016}
} 

@phdthesis{brini2019system,
  title   = {A system-level methodology for the design and deployment of reliable low-power wireless sensor networks},
  author  = {Brini, Oussama},
  year    = {2019},
  school  = {{\'E}cole de technologie sup{\'e}rieure}
}

@unpublished{determineFittingsCoef,
  author = {Tycho Quinten JÃ¶bsis and Jochem Leijenhorst and Illya O Ustenko},
  note   = {unpublished},
  title  = {De fittingscoefficient voor pathloss meten},
  year   = {2024}
}

@book{Short-rangeWirelessCommunication,
  title =     {Short-range Wireless Communication},
  author =    {Alan Bensky},
  publisher = {Newnes},
  isbn =      {0128154055; 9780128154052},
  year =      {2019},
  edition =   {3},
}

@article{BERtoPe,
  title = {Bit error rate estimation using probability density function estimators},
  author = {Laster, Jeffery D and Reed, Jeffrey H and Tranter, William H},
  journal = {IEEE transactions on vehicular technology},
  volume = {52},
  number = {1},
  pages = {260--267},
  year = {2003},
  publisher = {IEEE}
}

@manual{dsNrf52810,
  organization  = {{Nordic Semiconductor}},
  title         = {nRF52810},
  url           = {https://infocenter.nordicsemi.com/pdf/nRF52810_PS_v1.0.pdf},
  year          = {2017},
  month         = 9
}

@TECHREPORT{SWRA030,
  author =        {Matt Loy},
  title =         {Understanding and Enhancing Sensitivity in Receivers for Wireless Applications},
  number =        {SWRA030},
  institution =   {Texas Instruments Wireless Communication Business Unit},
  month =         {5},
  year  =         {1999}
}

@article{leferink2010manMadeNoise,
  title={Man-made noise in our living environments},
  author={Leferink, Frank and Silva, Ferran and Catrysse, Johan and Batterman, Sven and Beauvois, Veronique and Roc'h, Anne},
  journal={URSI Radio Science Bulletin},
  volume={2010},
  number={334},
  pages={49--57},
  year={2010},
  publisher={URSI}
}

@inproceedings{kumar2020spectrum,
  title={Spectrum Survey in 2.4 GHz ISM Band for a MRT Station Located in Singapore},
  author={Kumar, Kalyankar Shravan and Lee, Yee Hui and Meng, Yu Song},
  booktitle={2020 IEEE USNC-CNC-URSI North American Radio Science Meeting (Joint with AP-S Symposium)},
  pages={75--76},
  year={2020},
  organization={IEEE}
}

@book{FundamentalsofAppliedElectromagnetics, 
  place     = {Harlow}, 
  edition   = {8}, 
  title     = {Fundamentals of Applied Electromagnetics}, 
  publisher = {Pearson Education Limited}, 
  author    = {Ulaby, Fawwaz and Ravaioli, Umberto}, 
  year      = {2023},
  isbn      = {1-292-43673-5}
} 

@article{duroux1991ionpHISFETltspHmonitoring,
  title={The ion sensitive field effect transistor (ISFET) pH electrode: a new sensor for long term ambulatory pH monitoring.},
  author={Duroux, Ph and Emde, C and Bauerfeind, P and Francis, C and Grisel, A and Thybaud, L and Arstrong, D and Depeursinge, C and Blum, AL},
  journal={Gut},
  volume={32},
  number={3},
  pages={240},
  year={1991},
  publisher={BMJ Publishing Group}
}

@article{BatteryComparison,
  title={Comparison of rechargeable battery technologies},
  author={Morris, Melissa and Tosunoglu, Sabri},
  journal={ASME early career technical journal},
  volume={11},
  pages={148--155},
  year={2012}
}